<?xml version="1.0" encoding="UTF-8"?><collection xmlns="http://www.loc.gov/MARC21/slim"><record><leader>00314nam--2200121-i-4500</leader><controlfield tag="001">000050229</controlfield><controlfield tag="002">20161230</controlfield><controlfield tag="005">20161230201048</controlfield><controlfield tag="008">060222s1000------------r-----000-0-eng-d</controlfield><datafield ind1=" " ind2=" " tag="100"><subfield code="a">Barinskii, R.L</subfield></datafield><datafield ind1=" " ind2=" " tag="245"><subfield code="a">Iadernye reakcii pri bolshih energiiah</subfield></datafield><datafield ind1=" " ind2=" " tag="260"><subfield code="a">Moskva, Izd. Inostrannoi Literatury, 1953</subfield></datafield><datafield ind1=" " ind2=" " tag="852"><subfield code="a">3306</subfield></datafield></record></collection>